
@article{Association2012World,
  title={World Steel in Figures 2012},
  author={Association, World Steel},
  year={2012},
}

@article{Jia1994SIMULATING,
  title={SIMULATING NDT ON LINE OF SURFACE DEFECT OF HOT SLABS AT TEMPERATURE OVER 1100℃},
  author={Jia, Huiming and Fan, Hong and Zhang, Ke and Qin, Yizhong and Zhang, Jiayi},
  journal={Journal of Iron \& Steel Research},
  year={1994},
}
